@book{Raschka:2015:PML:2886323,
 author = {Raschka, Sebastian},
 title = {Python Machine Learning},
 year = {2015},
 isbn = {1783555130, 9781783555130},
 publisher = {Packt Publishing},
} 